<record><leader>00000cas a2200000 a 4500</leader><controlfield tag="001">23731397</controlfield><controlfield tag="008">910511d185u1855inudr ne      0    0eng c</controlfield><datafield ind1=" " ind2=" " tag="010"><subfield code="a">sn 91099317 </subfield></datafield><datafield ind1=" " ind2=" " tag="040"><subfield code="a">NPI</subfield><subfield code="b">eng</subfield><subfield code="c">NPI</subfield><subfield code="d">OCLCQ</subfield><subfield code="d">CUI</subfield><subfield code="d">OCLCQ</subfield><subfield code="d">OCLCF</subfield></datafield><datafield ind1=" " ind2=" " tag="042"><subfield code="a">pcc</subfield></datafield><datafield ind1=" " ind2=" " tag="043"><subfield code="a">n-us-in</subfield></datafield><datafield ind1=" " ind2="4" tag="050"><subfield code="a">AN</subfield></datafield><datafield ind1="0" ind2="0" tag="245"><subfield code="a">Terre-Haute daily American.</subfield></datafield><datafield ind1=" " ind2=" " tag="260"><subfield code="a">Terre-Haute, Ind. :</subfield><subfield code="b">J.N. Coltrin &amp; J.M. Prior,</subfield><subfield code="c">-1855.</subfield></datafield><datafield ind1=" " ind2=" " tag="300"><subfield code="a">1 v.</subfield></datafield><datafield ind1=" " ind2=" " tag="310"><subfield code="a">Daily</subfield></datafield><datafield ind1="0" ind2=" " tag="362"><subfield code="a">-v. 1, no. 85 (May 29, 1855).</subfield></datafield><datafield ind1=" " ind2=" " tag="588"><subfield code="a">Description based on: Vol. 1, no. 65 (May 5, 1855).</subfield></datafield><datafield ind1=" " ind2="0" tag="651"><subfield code="a">Terre Haute (Ind.)</subfield><subfield code="v">Newspapers.</subfield></datafield><datafield ind1=" " ind2="0" tag="651"><subfield code="a">Vigo County (Ind.)</subfield><subfield code="v">Newspapers.</subfield></datafield><datafield ind1=" " ind2="7" tag="655"><subfield code="a">Newspapers.</subfield><subfield code="2">fast</subfield><subfield code="0">(OCoLC)fst01423814</subfield></datafield><datafield ind1=" " ind2="7" tag="651"><subfield code="a">Indiana</subfield><subfield code="z">Terre Haute.</subfield><subfield code="2">fast</subfield><subfield code="0">(OCoLC)fst01207975</subfield></datafield><datafield ind1=" " ind2="7" tag="651"><subfield code="a">Indiana</subfield><subfield code="z">Vigo County.</subfield><subfield code="2">fast</subfield><subfield code="0">(OCoLC)fst01206381</subfield></datafield><datafield ind1=" " ind2=" " tag="752"><subfield code="a">United States</subfield><subfield code="b">Indiana</subfield><subfield code="c">Vigo</subfield><subfield code="d">Terre Haute.</subfield></datafield><datafield ind1="0" ind2="0" tag="785"><subfield code="a">Piretti Santangelo, Laura.</subfield><subfield code="t">Teatro indiano antico.</subfield><subfield code="d">Bologna : Clueb, [1982]</subfield><subfield code="w">(DLC)   82186140</subfield><subfield code="w">(OCoLC)13576750</subfield></datafield></record>